<?xml version="1.0" encoding="UTF-8" ?>
<srw:searchRetrieveResponse xmlns:srw="http://www.loc.gov/zing/srw/" xmlns:xcql="http://www.loc.gov/zing/cql/xcql/" xmlns:dc="http://purl.org/dc/elements/1.1/" xmlns:marc="info:lc/xmlns/marcxchange-v1" xmlns:marcxml="http://www.loc.gov/MARC21/slim">
    <srw:version>1.2</srw:version>
    <srw:numberOfRecords>1</srw:numberOfRecords><srw:records><srw:record><srw:recordSchema>marcxchange</srw:recordSchema>
    <srw:recordPacking>xml</srw:recordPacking>
    <srw:recordIdentifier>90361304</srw:recordIdentifier><srw:recordPosition>1</srw:recordPosition><srw:recordData>
        <marc:record format="MARC21" type="Authority" id="90361304" xmlns:marc="info:lc/xmlns/marcxchange-v1">
            <marc:leader>99999nz  a2299999n  4500</marc:leader>
            <marc:controlfield tag="001">90361304</marc:controlfield>
            <marc:controlfield tag="003">NO-TrBIB</marc:controlfield>
            <marc:controlfield tag="005">20181018093138.0</marc:controlfield>
            <marc:controlfield tag="008">910502n| adz|naabn|         |a|ana|     </marc:controlfield>
            <marc:datafield tag="024" ind1="7" ind2=" ">
                <marc:subfield code="a">x90361304</marc:subfield>
                <marc:subfield code="2">NO-TrBIB</marc:subfield>
            </marc:datafield>
            <marc:datafield tag="024" ind1="7" ind2=" ">
                <marc:subfield code="a">http://hdl.handle.net/11250/1269159</marc:subfield>
                <marc:subfield code="2">hdl</marc:subfield>
            </marc:datafield>
            <marc:datafield tag="024" ind1="7" ind2=" ">
                <marc:subfield code="a">http://viaf.org/viaf/126209034</marc:subfield>
                <marc:subfield code="2">viaf</marc:subfield>
            </marc:datafield>
            <marc:datafield tag="040" ind1=" " ind2=" ">
                <marc:subfield code="a">NO-TrBIB</marc:subfield>
                <marc:subfield code="b">nob</marc:subfield>
                <marc:subfield code="c">NO-TrBIB</marc:subfield>
                <marc:subfield code="f">noraf</marc:subfield>
            </marc:datafield>
            <marc:datafield tag="111" ind1="2" ind2=" ">
                <marc:subfield code="a">NATO Advanced Research Workshop on Movable Bed Physical Models</marc:subfield>
            </marc:datafield>
            <marc:datafield tag="901" ind1=" " ind2=" ">
                <marc:subfield code="a">kat2</marc:subfield>
            </marc:datafield>
        </marc:record></srw:recordData>
</srw:record></srw:records><srw:echoedSearchRetrieveRequest>
    <srw:operation>searchRetrieve</srw:operation>
    <srw:version> 1.2</srw:version>
    <srw:query>rec.identifier=90361304</srw:query>
    <srw:startRecord>1</srw:startRecord>
    <srw:maximumRecords>10</srw:maximumRecords>
    <srw:recordPacking>xml</srw:recordPacking>
    <srw:recordSchema>marcxchange</srw:recordSchema>
</srw:echoedSearchRetrieveRequest>
    <srw:extraResponseData>
        <responseDate>2021-02-19T13:06:10Z</responseDate></srw:extraResponseData>
</srw:searchRetrieveResponse>